% bibliography.bib — curated & updated

% ─────────────────────────────────────────────────────────────────────────────
% Optional (do not print unless cited)
% Keep as a placeholder for your own preprint; safe because \nocite{*} was removed.
% ─────────────────────────────────────────────────────────────────────────────
@misc{langstaff_zenodo_16908311,
  author  = {Langstaff, Christopher M.},
  title   = {Temporal Relativity — Entropy Clock},
  year    = {2025},
  doi     = {10.5281/zenodo.16908311},
  url     = {https://doi.org/10.5281/zenodo.16908311},
  note    = {Preprint entry; cite only if relevant.}
}

@misc{langstaff2025temporal,
  author    = {Langstaff, Christopher M.},
  title     = {Temporal Relativity},
  year      = {2025},
  publisher = {Zenodo},
  doi       = {10.5281/zenodo.17119049},
  url       = {https://doi.org/10.5281/zenodo.17119049}
}

@misc{langstaff2025kinematics,
  author    = {Langstaff, Christopher M.},
  title     = {Planck-Cell Kinematics},
  year      = {2025},
  publisher = {Zenodo},
  doi       = {10.5281/zenodo.17168478},
  url       = {https://doi.org/10.5281/zenodo.17168478}
}

@misc{langstaff2025mass,
  author    = {Langstaff, Christopher M.},
  title     = {Planck-Cell Mass},
  year      = {2025},
  publisher = {Zenodo},
  doi       = {10.5281/zenodo.17209646},
  url       = {https://doi.org/10.5281/zenodo.17209646}
}
% ─────────────────────────────────────────────────────────────────────────────
% Core thermodynamics / stat mech
% ─────────────────────────────────────────────────────────────────────────────
@book{callen1985thermodynamics,
  author    = {Callen, Herbert B.},
  title     = {Thermodynamics and an Introduction to Thermostatistics},
  edition   = {2},
  publisher = {Wiley},
  address   = {New York},
  year      = {1985}
}

@article{boltzmann1872,
  author  = {Boltzmann, Ludwig},
  title   = {Weitere Studien {\"u}ber das W{\"a}rmegleichgewicht unter Gasmolek{\"u}len},
  journal = {Sitzungsberichte der Kaiserlichen Akademie der Wissenschaften},
  year    = {1872}
}

@book{clausius1879mechanical,
  author    = {Clausius, Rudolf},
  title     = {The Mechanical Theory of Heat},
  publisher = {Macmillan},
  address   = {London},
  year      = {1879}
}

@article{shannon1948mathematical,
  author  = {Shannon, Claude E.},
  title   = {A Mathematical Theory of Communication},
  journal = {Bell System Technical Journal},
  volume  = {27},
  pages   = {379--423, 623--656},
  year    = {1948}
}

@book{zeh2007arrow,
  author    = {Zeh, H. Dieter},
  title     = {The Physical Basis of the Direction of Time},
  edition   = {5},
  publisher = {Springer},
  address   = {Berlin},
  year      = {2007}
}

% ─────────────────────────────────────────────────────────────────────────────
% Relativity / blackbody foundations
% ─────────────────────────────────────────────────────────────────────────────
@article{einstein1905elektrodynamik,
  author  = {Einstein, Albert},
  title   = {Zur Elektrodynamik bewegter K{\"o}rper},
  journal = {Annalen der Physik},
  volume  = {17},
  pages   = {891--921},
  year    = {1905}
}

@article{planck1901law,
  author  = {Planck, Max},
  title   = {{\"U}ber das Gesetz der Energieverteilung im Normalspektrum},
  journal = {Annalen der Physik},
  volume  = {4},
  pages   = {553--563},
  year    = {1901}
}

% ─────────────────────────────────────────────────────────────────────────────
% Cosmology (use this for the observed scalar index n_s ≈ 0.965)
% ─────────────────────────────────────────────────────────────────────────────
@book{peebles1993principles,
  author    = {Peebles, P. J. E.},
  title     = {Principles of Physical Cosmology},
  publisher = {Princeton University Press},
  address   = {Princeton},
  year      = {1993}
}

@article{planck2018params,
  author  = {{Planck Collaboration}},
  title   = {Planck 2018 results. VI. Cosmological parameters},
  journal = {Astronomy \& Astrophysics},
  volume  = {641},
  pages   = {A6},
  year    = {2020},
  note    = {Provides the modern constraint on $n_s$ and other $\Lambda$CDM parameters.}
}

% ─────────────────────────────────────────────────────────────────────────────
% Physical constants and standard numbers used in examples
% ─────────────────────────────────────────────────────────────────────────────
@article{codata2018,
  author  = {Mohr, Peter J. and Newell, David B. and Taylor, Barry N. and Tiesinga, Eite},
  title   = {CODATA recommended values of the fundamental physical constants: 2018},
  journal = {Reviews of Modern Physics},
  volume  = {93},
  number  = {2},
  pages   = {025010},
  year    = {2021}
}

@book{allen2000,
  editor    = {Cox, Arthur N.},
  title     = {Allen's Astrophysical Quantities},
  edition   = {4},
  publisher = {Springer},
  address   = {New York},
  year      = {2000},
  note      = {Standard solar luminosity and photospheric temperature tables.}
}

@book{crc_handbook,
  editor    = {Haynes, William M.},
  title     = {CRC Handbook of Chemistry and Physics},
  edition   = {97},
  publisher = {CRC Press},
  address   = {Boca Raton},
  year      = {2016},
  note      = {Includes $c_p$ for water near room temperature.}
}
